@book{Sprakradet08,
	author = {{Språkrådet}},
	title = {Svenska skrivregler},
	year = {2008},
	edition = {3},
	isbn = {978-91-47-08460-9},
	publisher = {Liber AB},
	address = {Solna},
	language = {swedish}, hypenation = {swedish}
}

@article{Schultz05,
	author = {von Schultz, Christian},
	sortkey = {Schultz, Christian von},
	title = {Rekommendationer för {\LaTeX}-dokument},
	notes = {http://web.student.chalmers.se/~von/latex/rekommendationer.pdf},
	month = nov,
	year = {2005},
	url = {http://web.student.chalmers.se/~von/latex/rekommendationer.pdf},
	language = {swedish}, hypenation = {swedish}
}

@booklet{Voss10,
	author = {Herbert Voß},
	title = {Math mode},
	month = dec,
	year = {2010},
	url = {http://mirrors.ctan.org/info/math/voss/mathmode/Mathmode.pdf},
	ctan = {info/math/voss/mathmode/Mathmode.pdf},
	language = {english}, hyphenation = {british}
}

@booklet{Oetiker11,
	author = {Tobias Oetiker and Hubert Partl and Irene Hyna and Elisabeth Schlegl},
	title = {The Not So Short Introduction to {\LaTeXe}},
	subtitle = {{\LaTeXe} in 157 minutes},
	month = apr,
	year = {2011},
	url = {http://mirrors.ctan.org/info/lshort/english/lshort.pdf},
	ctan = {info/lshort/english/lshort.pdf},
	language = {english}, hyphenation = {british}
}

@book{Dongen10,
	author = {van Dongen, Marc},
	sortkey = {Dongen, Marc van},
	title = {\LaTeX{} and Friends},
	year = {2010},
	isbn = {978-3-642-23815-4},
	url = {http://csweb.ucc.ie/~dongen/LaTeX-and-Friends.pdf},
	language = {english}, hyphenation = {british}
}

@book{Abrahams03,
	author = {Paul W. Abrahams and Kathryn A. Hargreaves and Karl Berry},
	title = {\TeX{} for the Impatient},
	year = {2003},
	isbn = {978-0-201-51375-2},
	url = {http://mirrors.ctan.org/info/impatient/book.pdf},
	ctan = {info/impatient/book.pdf},
	language = {english}, hyphenation = {british}
}

@book{Kopka03,
	author = {Helmut Kopka and Patrick W. Daly},
	title = {Guide to \LaTeX},
	edition = {4},
	publisher = {Addison-Wesley},
	address = {Reading, Massachusetts},
	year = {2003},
	isbn = {978-0-321-17385-0},
	language = {english}, hyphenation = {british}
}

@book{Gratzer96,
	author = {George A. Grätzer},
	title = {Math into \LaTeX},
	publisher = {Birkhäuser},
	address = {Boston},
	year = {1996},
	isbn = {978-3-764-34131-2},
	url = {http://mirrors.ctan.org/info/mil/mil.pdf},
	ctan = {info/mil/mil.pdf},
	language = {english}, hyphenation = {british}
}

@book{Mittelbach04,
	author = {Frank Mittelbach and Michel Goossens and Johannes Braams and David Carlisle and Chris Rowley},
	title = {The \LaTeX{} Companion},
	edition = {2},
	publisher = {Addison-Wesley},
	address = {Reading, Massachusetts},
	year = {2004},
	isbn = {978-0-201-36299-2},
	language = {english}, hyphenation = {british}
}

@manual{AMS99,
	author = {{American Mathematical Society}},
	shortauthor = {AMS},
	title = {User's Guide for the \pack{amsmath} Package},
	year = {1999},
	url = {ftp://ftp.ams.org/ams/doc/amsmath/amsldoc.pdf},
	version = {2.0},
	language = {english}, hyphenation = {british}
}

@article{Downes02,
	author = {Michael Downes},
	title = {Short Math Guide for \LaTeX},
	year = {2002},
	url = {ftp://ftp.ams.org/pub/tex/doc/amsmath/short-math-guide.pdf},
	language = {english}, hyphenation = {british}
}

@book{Goossens07,
	author = {Michel Goossens and Frank Mittelbach and Sebastian Rahtz and Denis Roegel and Herbert Voß},
	title = {The \LaTeX{} Graphics Companion},
	edition = {2},
	publisher = {Addison-Wesley},
	address = {Reading, Massachusetts},
	year = {2007},
	isbn = {978-0-321-50892-8},
	language = {english}, hyphenation = {british}
}

@book{Lamport94,
	author = {Leslie Lamport},
	title = {\LaTeX: A Document Preparation System},
	publisher = {Addison-Wesley},
	address = {Reading, Massachusetts},
	edition = {2},
	year = {1994},
	isbn = {978-0-201-52983-8},
	language = {english}, hyphenation = {british}
}

@book{Knuth86,
	author = {Donald Knuth},
	title = {The \TeX{}book},
	publisher = {Addison-Wesley},
	address = {Reading, Massachusetts},
	year = {1986},
	isbn = {978-0-201-13448-3},
	language = {english}, hyphenation = {british}
}

@book{Eijkhout92,
	author = {Victor Eijkhout},
	title = {\TeX{} by Topic},
	publisher = {Addison-Wesley},
	address = {Reading, Massachusetts},
	year = {1992},
	isbn = {978-0-201-56882-0},
	url = {http://eijkhout.net/texbytopic/texbytopic.html},
	language = {english}, hyphenation = {british}
}

@article{Mertz07,
	author = {Andrew Mertz and William Slough},
	title = {Graphics with {Ti\emph{k}Z}},
	journal = {The Prac\TeX{} Journal},
	year = {2007},
	number = {1},
	url = {http://www.tug.org/pracjourn/2007-1/mertz/mertz.pdf},
	language = {english}, hyphenation = {british}
}

@article{Flynn06,
	author = {Peter Flynn},
	title = {Rolling your own Document Class: Using \LaTeX{} to
			 keep away from the Dark Side},
	journal = {The Prac\TeX{} Journal},
	number = {4},
	year = {2006},
	url = {http://tug.org/pracjourn/2006-4/flynn/flynn.pdf},
	language = {english}, hyphenation = {british}
}

@article{Robertson06,
	author = {Will Robertson},
	title = {Productivity with macros and packages},
	journal = {The Prac\TeX{} Journal},
	number = {3},
	year = {2006},
	url = {http://tug.org/pracjourn/2006-3/robertson/robertson.pdf},
	language = {english}, hyphenation = {british}
}

@manual{LaTeX3,
	author = {{The \LaTeX3 Project}},
	sortkey = {{LaTeX3 Project, The}},
	title = {\LaTeXe{} for class and package writers},
	year = {1999},
	url = {http://www.latex-project.org/guides/clsguide.pdf},
	language = {english}, hyphenation = {british}
}

@report{Rowley99,
	author = {Frank Mittelbach and Chris Rowley},
	title = {The \LaTeX3 Project},
	year = {1999},
	url = {http://www.latex-project.org/guides/ltx3info.pdf},
	type = {whitepaper},
	institution = {{The \LaTeX3 Project}},
	language = {english}, hyphenation = {british}
}

@article{expl3,
	author = {{The \LaTeX3 Project}},
	sortkey = {{LaTeX3 Project, The}},
	title = {The \pack{expl3} package and \LaTeX3 programming},
	year = {2013},
	month = jul,
	version = {4582},
	url = {http://mirrors.ctan.org/macros/latex/contrib/l3kernel/expl3.pdf},
	ctan = {macros/latex/contrib/l3kernel/expl3.pdf},
	language = {english}, hyphenation = {british}
}

@manual{interface3,
	author = {{The \LaTeX3 Project}},
	sortkey = {{LaTeX3 Project, The}},
	title = {The \LaTeX3 Interfaces},
	year = {2013},
	month = jul,
	url = {http://mirrors.ctan.org/macros/latex/contrib/l3kernel/interface3.pdf},
	ctan = {macros/latex/contrib/l3kernel/interface3.pdf},
	language = {english}, hyphenation = {british}
}

@article{Gonnard10,
	author = {Manuel Pégourié-Gonnard},
	title = {A guide to \hologo{LuaLaTeX}},
	year = {2013},
	url = {http://mirrors.ctan.org/info/luatex/lualatex-doc/lualatex-doc.pdf},
	ctan = {info/luatex/lualatex-doc/lualatex-doc.pdf},
	language = {english}, hyphenation = {british}
}

@article{Robertson11,
	author = {Will Robertson},
	title = {The \XeTeX{} reference guide},
	year = {2013},
	url = {http://mirrors.ctan.org/info/xetexref/xetex-reference.pdf},
	ctan = {info/xetexref/xetex-reference.pdf},
	language = {english}, hyphenation = {british}
}

@article{Hoekwater98,
	author = {Taco Hoekwater},
	title = {Comparing \hologo{ConTeXt} and \LaTeX{}},
	journal = {MAPS Journal},
	year = {1998},
	url = {http://maps.aanhet.net/maps/pdf/20_42.pdf},
	language = {english}, hyphenation = {british}
}

@manual{Hagen01,
	author = {Hans Hagen},
	title = {\hologo{ConTeXt} the manual},
	year = {2001},
	url = {http://www.pragma-ade.com/general/manuals/cont-eni.pdf},
	organization = {PRAGMA ADE},
	language = {english}, hyphenation = {british}
}

@article{Fenn06,
	author = {Jürgen Fenn},
	title = {Managing Citations and Your Bibliography with \hologo{BibTeX}},
	journal = {The Prac\TeX{} Journal},
	year = {2006},
	number = {4},
	url = {http://www.tug.org/pracjourn/2006-4/fenn/fenn.pdf},
	language = {english}, hyphenation = {british}
}

@manual{Tantau10,
	author = {Till Tantau},
	title = {The {Ti\emph{k}Z} and {\textsc{PGF}} Packages},
	month = oct,
	year = {2010},
	url = {http://mirrors.ctan.org/graphics/pgf/base/doc/generic/pgf/pgfmanual.pdf},
	ctan = {graphics/pgf/base/doc/generic/pgf/pgfmanual.pdf},
	version = {2.10},
	language = {english}, hyphenation = {british}
}

@manual{Williams08,
	author = {Peter Williams and Thorsten Schnier},
	title = {The \pack{Harvard} Family of Bibliography Styles},
	month = nov,
	year = {2008},
	url = {http://mirrors.ctan.org/macros/latex/contrib/harvard/harvard.pdf},
	ctan = {macros/latex/contrib/harvard/harvard.pdf},
	language = {english}, hyphenation = {british}
}

@manual{Wright11,
	author = {Joseph Wright},
	title = {\pack{siunitx} — A comprehensive (SI) units package},
	month = jul,
	year = {2013},
	url = {http://mirrors.ctan.org/macros/latex2e/exptl/siunitx/siunitx.pdf},
	ctan = {macros/latex2e/exptl/siunitx/siunitx.pdf},
	version = {2.5r},
	language = {english}, hyphenation = {british}
}

@manual{Pakin09,
	author = {Scott Pakin},
	month = nov,
	year = {2009},
	title = {The Comprehensive \LaTeX{} Symbol List},
	url = {http://mirrors.ctan.org/info/symbols/comprehensive/symbols-a4.pdf},
	ctan = {info/symbols/comprehensive/symbols-a4.pdf},
	language = {english}, hyphenation = {british}
}

@booklet{Ensenbach11,
	author = {Marc Ensenbach and Mark Trettin},
	month = sep,
	year = {2011},
	title = {Das \LaTeXe-Sündenregister},
	subtitle = {Veraltete Befehle, Pakete und andere Fehler},
	url = {http://mirrors.ctan.org/info/l2tabu/german/l2tabu.pdf},
	ctan = {info/l2tabu/german/l2tabu.pdf},
	language = {german}, hypenation = {german}
}

@booklet{Fenn07,
	author = {Jürgen Fenn},
	month = jun,
	year = {2007},
	title = {An essential guide to \LaTeXe{} usage},
	subtitle = {Obsolete commands and packages},
	url = {http://mirrors.ctan.org/info/l2tabu/english/l2tabuen.pdf},
	ctan = {info/l2tabu/english/l2tabuen.pdf},
	language = {english}, hyphenation = {british},
	origlanguage = {german},
	related = {Ensenbach11},
	relatedtype = {translationof}
}

@manual{Fear05,
	author = {Simon Fear},
	title = {Publication quality tables in \LaTeX},
	month = apr,
	year = {2005},
	url = {http://mirrors.ctan.org/macros/latex/contrib/booktabs/booktabs.pdf},
	ctan = {macros/latex/contrib/booktabs/booktabs.pdf},
	version = {1.61803},
	language = {english}, hyphenation = {british}
}

@manual{Patashnik88a,
	author = {Oren Patashnik},
	title = {\hologo{BibTeX}ing},
	month = feb,
	year = {1988},
	url = {http://mirrors.ctan.org/biblio/bibtex/base/btxdoc.pdf},
	ctan = {biblio/bibtex/base/btxdoc.pdf},
	language = {english}, hyphenation = {british}
}

@manual{Patashnik88b,
	author = {Oren Patashnik},
	title = {Designing \hologo{BibTeX} Styles},
	month = feb,
	year = {1988},
	url = {http://mirrors.ctan.org/biblio/bibtex/contrib/doc/btxhak.pdf},
	ctan = {biblio/bibtex/contrib/doc/btxhak.pdf},
	language = {english}, hyphenation = {british}
}

@phdthesis{Thanh00,
	title = {Micro-typographic extensions to the \TeX{} typesetting system},
	author = {Hàn Thế Thành},
	year = {2000},
	address = {Brno},
	institution = {Faculty of Informatics, Masaryk University},
	month = oct,
	url = {http://www.pragma-ade.com/pdftex/thesis.pdf},
	language = {english}, hyphenation = {british}
}

@book{LIU98,
	publisher = {{Linköpings Universitet}},
	address = {Linköping},
	author = {Karin Christoffersson and Malin Algotson and Kristina Edlind and Lars Holberg and Magnus Merkel and Karin Mårdsjö},
	title = {Språkguiden},
	year = {1998},
	isbn = {978-9-163-06527-9},
	url = {http://www.student.liu.se/service/sprakguide/1.265737/sprakguiden.pdf},
	language = {swedish}, hypenation = {swedish}
}

@online{ChsLib10,
	author = {{Chalmers Bibliotek}},
	title = {Referensguide},
	month = dec,
	year = {2013},
	url = {http://guides.lib.chalmers.se/referensguide},
	urldate = {2013-07-27},
	language = {swedish}, hypenation = {swedish}
}

@book{Chicago10,
	author = {{Chicago Editorial Staff}},
	title = {The Chicago Manual of Style},
	publisher = {University of Chicago Press},
	address = {Chicago},
	edition = {16},
	year = {2010},
	isbn = {978-0-226-10420-1},
	language = {english}, hyphenation = {british}
}

@book{Hadley09,
    author = {Hadley Wickham},
    title = {ggplot2: elegant graphics for data analysis},
    publisher = {Springer},
    address = {New York},
    year = {2009},
    isbn = {978-0-387-98140-6},
	language = {english}, hyphenation = {british}
}

@manual{Sharpsteen12,
    title = {tikzDevice: R Graphics Output in LaTeX Format},
    author = {Charlie Sharpsteen and Cameron Bracken},
    year = {2012},
    version = {0.6.3/r48},
    url = {http://R-Forge.R-project.org/projects/tikzdevice/},
	language = {english}, hyphenation = {british}
}

@manual{RCoreTeam12,
	title = {\Rlogo: A Language and Environment for Statistical Computing},
	author = {{The \Rlogo Core Team}},
	sortkey = {{R Core Team, The}},
	year = {2013},
	month = may,
	version = {3.0.1},
	url = {http://cran.r-project.org/doc/manuals/fullrefman.pdf},
	language = {english}, hyphenation = {british}
}

@manual{Talbot13a,
	title = {User Manual for glossaries.sty},
	author = {Nicola L. C. Talbot},
	date = {2013-07-05},
	version = {3.07},
	url = {http://mirrors.ctan.org/macros/latex/contrib/glossaries/glossaries-user.pdf},
	ctan = {macros/latex/contrib/glossaries/glossaries-user.pdf},
	language = {english}, hyphenation = {british}
}

@article{Talbot13b,
	title = {The \pack{glossaries} package},
	subtitle = {A guide for beginners},
	author = {Nicola L. C. Talbot},
	date = {2013-07-05},
	url = {http://mirrors.ctan.org/macros/latex/latex/contrib/glossaries/glossariesbegin.pdf},
	ctan = {macros/latex/latex/contrib/glossaries/glossariesbegin.pdf},
	language = {english}, hyphenation = {british}
}

@manual{Niederberger13,
	title = {\pack{acro}},
	subtitle = {Typeset Acronyms},
	author = {Clemens Niederberger},
	date = {2013-09-02},
	version = {1.4a},
	url = {http://mirrors.ctan.org/macros/latex/contrib/acro/acro_en.pdf},
	ctan = {macros/latex/contrib/acro/acro_en.pdf},
	language = {english}, hyphenation = {british}
}

@manual{Beccari12,
	title = {The package \pack{imakeidx}},
	author = {Beccari, Claudio and Gregorio, Enrico},
	date = {2012-10-22},
	version = {1.2e},
	url = {http://mirrors.ctan.org/macros/latex/contrib/imakeidx/imakeidx.pdf},
	ctan = {macros/latex/contrib/imakeidx/imakeidx.pdf},
	language = {english}, hyphenation = {british}
}

@manual{Lehman13,
	author = {Philipp Lehman and Audrey Boruvka and Philip Kime and Joseph Wright},
	title = {The \pack{biblatex} package},
	subtitle = {Programmable Bibliographies and Citations},
	month = jan,
	year = {2013},
	url = {http://mirrors.ctan.org/macros/latex/contrib/biblatex/doc/biblatex.pdf},
	ctan = {macros/latex/contrib/biblatex/doc/biblatex.pdf},
	version = {2.5},
	language = {english}, hyphenation = {british}
}

@manual{Kime13,
	author = {Philip Kime and François Charette},
	title = {biber},
	subtitle = {A backend bibliography processor for biblatex},
	month = jul,
	year = {2013},
	url = {http://mirrors.ctan.org/biblio/biber/documentation/biber.pdf},
	ctan = {biblio/biber/documentation/biber.pdf},
	version = {1.7},
	language = {english}, hyphenation = {british}
}

@manual{Fussner13,
	author = {David Fussner},
	title = {The \pack{biblatex-chicago} package},
	subtitle = {Style files for \pack{biblatex}},
	month = mar,
	year = {2013},
	url = {http://mirrors.ctan.org/macros/latex/contrib/biblatex-contrib/biblatex-chicago/doc/biblatex-chicago.pdf},
	ctan = {macros/latex/contrib/biblatex-contrib/biblatex-chicago/doc/biblatex-chicago.pdf},
	version = {0.9.9c (beta)},
	language = {english}, hyphenation = {british}
}

@online{Beaudrap11,
	author = {Niel de Beaudrap},
	sortkey = {Beaudrap, Niel de},
	title = {Good practice on spacing},
	titleaddon = {Svar till fråga ställd på \emph{\TeX\ Stack Exchange}},
	date = {2011-05-10},
	urldate = {2013-10-20},
	url = {http://tex.stackexchange.com/a/5518/66},
	language = {english}, hyphenation = {british}
}

@manual{Feuersanger13a,
	title = {Manual for Package \pack{pgfplots}},
	author = {Christian Feuersänger},
	date = {2013-10-03},
	version = {1.9},
	url = {http://mirrors.ctan.org/graphics/pgf/contrib/pgfplots/doc/pgfplots.pdf},
	ctan = {graphics/pgf/contrib/pgfplots/doc/pgfplots.pdf},
	language = {english}, hyphenation = {british}
}

@booklet{Carlisle05,
	author = {Carlisle, D. P.},
	month = nov,
	year = {2005},
	title = {Packages in the \enquote{graphics} bundle},
	url = {http://mirrors.ctan.org/macros/latex/required/graphics/grfguide.pdf},
	ctan = {macros/latex/required/graphics/grfguide.pdf},
	language = {english}, hyphenation = {british}
}

@manual{Feuersanger13b,
	title = {Manual for Package \pack{pgfplotstable}},
	author = {Christian Feuersänger},
	date = {2013-10-03},
	version = {1.9},
	url = {http://mirrors.ctan.org/graphics/pgf/contrib/pgfplots/doc/pgfplotstable.pdf},
	ctan = {graphics/pgf/contrib/pgfplots/doc/pgfplotstable.pdf},
	language = {english}, hyphenation = {british}
}

@manual{MATLAB13:path,
	title = {MATLAB Documentation},
	titleaddon = {What is the MATLAB Search Path?},
	author = {{The Mathworks, Inc.}},
	sortkey = {Mathworks, Inc., The},
	date = {2013},
	version = {R2013b},
	url = {http://www.mathworks.se/help/matlab/matlab_env/what-is-the-matlab-search-path.html},
	language = {english}, hyphenation = {british}
}

@manual{MATLAB13:print,
	title = {MATLAB Documentation},
	titleaddon = {Print figure or save to file},
	author = {{The Mathworks, Inc.}},
	sortkey = {Mathworks, Inc., The},
	date = {2013},
	version = {R2013b},
	url = {http://www.mathworks.se/help/matlab/ref/print.html},
	language = {english}, hyphenation = {british}
}

@online{Robertson10,
	author = {Will Robertson},
	title = {How to avoid large margins around Matlab plot in PDF},
	titleaddon = {Svar till fråga ställd på \emph{\TeX\ Stack Exchange}},
	date = {2010-11-18},
	urldate = {2013-10-20},
	url = {http://tex.stackexchange.com/a/5562/66},
	language = {english}, hyphenation = {british}
}

@manual{Wolfram13a,
	title = {Wolfram Mathematica Documentation},
	titleaddon = {Export},
	author = {{Wolfram Research}},
	date = {2013},
	version = {9},
	url = {http://reference.wolfram.com/mathematica/ref/Export.html},
	language = {english}, hyphenation = {british}
}

@manual{Wolfram13b,
	title = {Wolfram Mathematica Documentation},
	titleaddon = {Out},
	author = {{Wolfram Research}},
	date = {2013},
	version = {9},
	url = {http://reference.wolfram.com/mathematica/ref/Out.html},
	language = {english}, hyphenation = {british}
}

@manual{Scharrer11,
	title = {The \pack{tikz-timing} Package},
	subtitle = {A \LaTeX\ Package for Timing Diagrams},
	author = {Martin Scharrer},
	date = {2011-01-09},
	version = {0.7d},
	url = {http://mirrors.ctan.org/graphics/pgf/contrib/tikz-timing/tikz-timing.pdf},
	ctan = {graphics/pgf/contrib/tikz-timing/tikz-timing.pdf},
	language = {english}, hyphenation = {british}
}

@manual{Skala13,
	title = {Drawing Gantt Charts in \LaTeX},
	subtitle = {The \pack{pgfgantt} Package},
	author = {Wolfgang Skala},
	date = {2013-06-01},
	version = {4.0},
	url = {http://mirrors.ctan.org/graphics/pgf/contrib/pgfgantt/pgfgantt.pdf},
	ctan = {graphics/pgf/contrib/pgfgantt/pgfgantt.pdf},
	language = {english}, hyphenation = {british}
}

@manual{Robson13,
	title = {The \pack{flowchart} package},
	subtitle = {Flowchart Shapes for \TikZ},
	author = {Adrian P. Robson},
	date = {2013-01-28},
	version = {3.2},
	url = {http://mirrors.ctan.org/graphics/pgf/contrib/flowchart/flowchart.pdf},
	ctan = {graphics/pgf/contrib/flowchart/flowchart.pdf},
	language = {english}, hyphenation = {british}
}

@manual{Redaelli12,
	title = {Circui\TikZ},
	author = {Massimo A. Redaelli},
	date = {2012-12-30},
	version = {0.3.0},
	url = {http://mirrors.ctan.org/graphics/pgf/contrib/circuitikz/circuitikzmanual.pdf},
	ctan = {graphics/pgf/contrib/circuitikz/circuitikzmanual.pdf},
	language = {english}, hyphenation = {british}
}

@online{Camoes10,
	title = {Alphabetical Sorting Must Die},
	author = {Jorge Camoes},
	date = {2010-10-26},
	url = {http://www.excelcharts.com/blog/alphabetical-sorting-must-die/},
	urldate = {2013-11-04},
	language = {english}, hyphenation = {british}
}

@online{Henry12,
	title = {How to Choose the Best Chart for Your Data},
	author = {Alan Henry},
	date = {2012-11-05},
	url = {http://lifehacker.com/5909501/how-to-choose-the-best-chart-for-your-data},
	urldate = {2013-11-04},
	language = {english}, hyphenation = {british}
}

@book{Tufte06,
	title = {Beautiful Evidence},
	author = {Edward R. Tufte},
	year = {2006},
	publisher = {Graphics Press LLC},
	location = {Cheshire, Conneticut},
	isbn = {0-9613921-7-7},
	language = {english}, hyphenation = {british}
}

@book{Tufte90,
	title = {Envisioning Information},
	author = {Edward R. Tufte},
	year = {1990},
	publisher = {Graphics Press LLC},
	location = {Cheshire, Conneticut},
	isbn = {0-9613921-1-8},
	language = {english}, hyphenation = {british}
}

@book{Tufte01,
	title = {The Visual Display of Quantitative Information},
	author = {Edward R. Tufte},
	year = {2001},
	origyear = {1983},
	edition = 2,
	publisher = {Graphics Press LLC},
	location = {Cheshire, Conneticut},
	isbn = {0-9613921-4-2},
	language = {english}, hyphenation = {british}
}

@book{Tufte97,
	title = {Visual Explanations},
	subtitle = {Images and Quantities, Evidence and Narrative},
	author = {Edward R. Tufte},
	year = {1997},
	publisher = {Graphics Press LLC},
	location = {Cheshire, Conneticut},
	isbn = {0-9613921-2-6},
	language = {english}, hyphenation = {british}
}

@article{Borland07,
	title = {Rainbow Color Map (Still) Considered Harmful},
	author= {Borland, David and {Taylor II}, Russell M.},
	journal = {{IEEE} Computer Graphics and Applications},
	volume = {27},
	number = {2},
	year = {2007},
	month = {3},
	pages = {14-17},
	language = {english}, hyphenation = {british}
}

@article{Moreland09a,
	author = {Kenneth Moreland},
	title = {Diverging Color Maps for Scientific Visualization},
	year = {2009},
	url = {http://www.sandia.gov/~kmorel/documents/ColorMaps/ColorMapsExpanded.pdf},
	language = {english}, hyphenation = {british}
}
